<?xml version="1.0" encoding="UTF-8"?><collection xmlns="http://www.loc.gov/MARC21/slim"><record><leader>00574nam--2200205-u-4500</leader><controlfield tag="001">000050785</controlfield><controlfield tag="002">20161230</controlfield><controlfield tag="005">20161230201048</controlfield><controlfield tag="008">080403s1000------------r-----000-0-eng-d</controlfield><datafield ind1=" " ind2=" " tag="020"><subfield code="a">0-521-675766</subfield></datafield><datafield ind1=" " ind2=" " tag="040"><subfield code="a">IFIN-HH</subfield></datafield><datafield ind1=" " ind2=" " tag="080"><subfield code="a">517.988.8</subfield></datafield><datafield ind1="1" ind2=" " tag="100"><subfield code="a">Froman,Nanny and Froman,Per Olof</subfield></datafield><datafield ind1="1" ind2="0" tag="245"><subfield code="a">Physical Problems Solved by the Phase-Integral Method</subfield></datafield><datafield ind1=" " ind2=" " tag="260"><subfield code="a">Cambridge</subfield><subfield code="b">University Press</subfield><subfield code="c">2002</subfield></datafield><datafield ind1=" " ind2=" " tag="300"><subfield code="a">214 p</subfield></datafield><datafield ind1=" " ind2=" " tag="504"><subfield code="a">Ijncludes Bibliographical References and Index</subfield></datafield><datafield ind1=" " ind2="4" tag="650"><subfield code="a">F-Matrix Methos</subfield></datafield><datafield ind1=" " ind2=" " tag="852"><subfield code="c">530.1</subfield></datafield><datafield ind1=" " ind2=" " tag="CAT"><subfield code="a">Sys</subfield><subfield code="c">20080403</subfield><subfield code="h">095059</subfield></datafield></record></collection>